<?xml version="1.0" encoding="UTF-8"?><collection xmlns="http://www.loc.gov/MARC21/slim"><record><leader>00467nam--2200121-i-4500</leader><controlfield tag="001">000035893</controlfield><controlfield tag="002">20161230</controlfield><controlfield tag="005">20161230201040</controlfield><controlfield tag="008">060222s1000------------r-----000-0-eng-d</controlfield><datafield ind1=" " ind2=" " tag="245"><subfield code="a">Nuclear metallurgy. imd special report series. vol. 5: a symposium on the fabrication of fuel elements arranged by f.m. foote and j.a. fellows</subfield></datafield><datafield ind1=" " ind2=" " tag="260"><subfield code="a">New York, American Institute Of Mining Metallurgical And Petroleum Engineers, 1958</subfield></datafield><datafield ind1=" " ind2=" " tag="490"><subfield code="a">Special Report Series</subfield></datafield><datafield ind1=" " ind2=" " tag="852"><subfield code="a">14372</subfield></datafield></record></collection>